@misc{MPontier,
    author    = {Monique Pontier},
    title     = {Financial Time Series Lecture Notes},
    url       = {https://www.math.univ-toulouse.fr/~pontier/SeriesChronFinanceVN17.pdf}
}

@misc{RH2ODeeplearning,
    author    = {Tom Kraljevic},
    title     = {R Interface for 'H2O'},
    url       = {https://cran.r-project.org/web/packages/h2o/index.html}
}

@book{hyndman2014forecasting,
  title={Forecasting: principles and practice},
  author={Hyndman, Rob J and Athanasopoulos, George},
  year={2014},
  publisher={OTexts}
}

@book{tsa2012,
  title={An introduction to analysis of financial data with R},
  author={Tsay, Ruey S},
  year={2014},
  publisher={John Wiley \& Sons}
}

@article{banerjee1993co,
  title={Co-integration, error correction, and the econometric analysis of non-stationary data},
  author={Banerjee, Anindya and Dolado, Juan J and Galbraith, John W and Hendry, David and others},
  journal={OUP Catalogue},
  year={1993},
  publisher={Oxford university press}
}

@article{said1984testing,
  title={Testing for unit roots in autoregressive-moving average models of unknown order},
  author={Said, Said E and Dickey, David A},
  journal={Biometrika},
  volume={71},
  number={3},
  pages={599--607},
  year={1984},
  publisher={Oxford University Press}
}

@article{royston1982extension,
  title={An extension of Shapiro and Wilk's W test for normality to large samples},
  author={Royston, JP},
  journal={Applied statistics},
  pages={115--124},
  year={1982},
  publisher={JSTOR}
}

@article{dujrbin1973distribution,
  title={Distribution Theory for Tests Based on the Sample Distribution Function},
  author={DUJRBIN, J},
  journal={Philadelphia: Society for Industrial and Applied Mathematics},
  year={1973}
}

@article{box1970distribution,
  title={Distribution of residual autocorrelations in autoregressive-integrated moving average time series models},
  author={Box, George EP and Pierce, David A},
  journal={Journal of the American statistical Association},
  volume={65},
  number={332},
  pages={1509--1526},
  year={1970},
  publisher={Taylor \& Francis Group}
}

@article{ljung1978measure,
  title={On a measure of lack of fit in time series models},
  author={Ljung, Greta M and Box, George EP},
  journal={Biometrika},
  volume={65},
  number={2},
  pages={297--303},
  year={1978},
  publisher={Oxford University Press}
}

@article{mcleod1983diagnostic,
  title={Diagnostic checking ARMA time series models using squared-residual autocorrelations},
  author={McLeod, Allan I and Li, William K},
  journal={Journal of Time Series Analysis},
  volume={4},
  number={4},
  pages={269--273},
  year={1983},
  publisher={Wiley Online Library}
}

@article{engle1982autoregressive,
  title={Autoregressive conditional heteroscedasticity with estimates of the variance of United Kingdom inflation},
  author={Engle, Robert F},
  journal={Econometrica: Journal of the Econometric Society},
  pages={987--1007},
  year={1982},
  publisher={JSTOR}
}

@article{jarque1980efficient,
  title={Efficient tests for normality, homoscedasticity and serial independence of regression residuals},
  author={Jarque, Carlos M and Bera, Anil K},
  journal={Economics letters},
  volume={6},
  number={3},
  pages={255--259},
  year={1980},
  publisher={Elsevier}
}


